%% LaTeX2e file `presentation_3.bib'
%% generated by the `filecontents' environment
%% from source `presentation_3' on 2019/07/23.
%%
@misc{Bo01,
  shorthand = {Bo01},
  author = {Carl de Boor},
  title = {A practical guide to splines},
  year = {2001},
  publisher = {Springer},
  edition = {Revised}
}
