%% LaTeX2e file `xmpl.bib'
%% generated by the `filecontents' environment
%% from source `presentation_3' on 2019/07/25.
%%
@book{Bo01,
  shorthand = {Bo01},
  author = {Carl de Boor},
  title = {A practical guide to splines},
  year = {2001},
  publisher = {Springer},
  edition = {Revised edition}
}

@article{Bo73,
  shorthand = {Bo73},
  author = {Carl de Boor},
  title = {The quasi-interpolant as a tool in elementary polynomial spline theory},
  year = {1973},
  journal = {J. Approx. Theory},
  pages = {269-276},
}

@book{Ri69,
  shorthand = {Ri69},
  author = {T. Rivlin},
  title = {An introduction to the approximation of functions},
  year = {1969},
  publisher = {Blaisdell}
}

@article{CS66,
  shorthand = {CS66},
  author = {H.B Curry, I.J Schoenberg},
  title = {On PÃ³lya frequency functions IV: the fundamental spline functions and their limits},
  year = {1966},
  journal = {J. Analyse Math.},
  volume = {17},
  pages = {71-107},
}

@article{Bo76,
  shorthand = {Bo76},
  author = {Carl de Boor},
  title = {Splines as linear combinations of B-splines. A survey.},
  year = {1976},
  journal = {J. Approx. Theory},
  volume = {2},
  pages = {1-47},
}

@article{Ma70,
  shorthand = {Ma70},
  author = {M. J. Marsden},
  title = {An identity for spline functions with applications to variation-diminishing spline approximation},
  year = {1970},
  journal = {J. Approx. Theory},
  volume = {3},
  pages = {7-42},
}

@article{Sc46,
  shorthand = {Sc46},
  author = {I.J Schoenberg},
  title = {Contributions to the problem of approximation of equidistant data by analytic functions: part A},
  year = {1946},
  journal = {Quarterly of Applied mathematics},
  volume = {4},
  pages = {45-99},
}

@article{Un99,
  shorthand = {Un99},
  author = {Michael  Unser},
  title = {Splines: A perfect fit for signal and image processing},
  year = {1999},
  journal = {IEEE},
  volume = {16},
  pages = {22-38}
}

