
@article{curry_polya_1966,
	title = {On {Pólya} frequency functions {IV}: {The} fundamental spline functions and their limits},
	volume = {17},
	issn = {0021-7670, 1565-8538},
	shorttitle = {On {Pólya} frequency functions {IV}},
	url = {http://link.springer.com/10.1007/BF02788653},
	doi = {10.1007/BF02788653},
	language = {en},
	number = {1},
	urldate = {2019-08-27},
	journal = {Journal d'Analyse Mathématique},
	author = {Curry, H. B. and Schoenberg, I. J.},
	month = dec,
	year = {1966},
	pages = {71--107}
}