
@book{unser_introduction_2014,
	address = {Cambridge ; New York},
	title = {An introduction to sparse stochastic processes},
	isbn = {978-1-107-05854-5},
	publisher = {Cambridge University Press},
	author = {Unser, Michael A. and Tafti, Pouya},
	year = {2014},
	keywords = {Gaussian processes, Random fields, Stochastic differential equations}
}