%% LaTeX2e file `xmpl.bib'
%% generated by the `filecontents' environment
%% from source `paper_44' on 2019/08/16.
%%
@article{Sch73,
  shorthand = {Sch73},
  author = {Schoenberg, I.J.},
  title = {Cardinal Spline Interpolation},
  year = {1973},
  journal = {CBMS-NSF Regional conference series in applied mathematics},
}

@article{LS76,
  shorthand = {LS76},
  author = {Lee, S.L. and Sharma, A.},
  title = {Cardinal Lacunary Interpolation by g-splines. I. The characteristic polynomials.},
  year = {1976},
  journal = {Journal of Approximation theory},
  volume = {16},
  pages = {85-96},
}
