@article{Mallat,
    author = {S.Mallat},
    title = {Multiresolution approximations and wavelet orthonormal bases of
        ${L}^2(\mathbb{R})$},
    publisher = {Trans. Amer. Math. Soc},
    pages = {69-87},
    year = {1989}
    volume = {315},
}

@book{DeBoor,
	author = {Carl de Boor},
	title = {A practical guide to splines},
	year = {2001},
    publisher = {Springer},
    edition = {Revised}
}

