%% LaTeX2e file `xmpl.bib'
%% generated by the `filecontents' environment
%% from source `lee_nonsense' on 2019/08/25.
%%
@article{Me02,
  shorthand = {Me02},
  author = {Meijering, E.},
  title = {A Chronology of Interpolation: From Ancient Astronomy to Modern and Signal Image processing},
  year = {2002},
  journal = {Proceedings of the IEEE},
  volume = {90},
  number = {3},
  pages = {319-342},
}

@book{Bo01,
  shorthand = {Bo01},
  author = {De Boor, C.},
  title = {A practical guide to splines},
  year = {2001},
  publisher = {Springer},
  edition = {Revised edition}
}

@article{CS66,
  shorthand = {CS66},
  author = {Curry, H.B. and Schoenberg, I.J.},
  title = {On Pólya frequency functions IV: the fundamental spline functions and their limits},
  year = {1966},
  journal = {J. Analyse Math.},
  volume = {17},
  pages = {71-107},
}

@article{Sch46,
  shorthand = {Sch46},
  author = {Schoenberg, I.J.},
  title = {Contributions to the problem of approximation of equidistant data by analytic functions.},
  year = {1946},
  journal = {Quart. Appl. Math.},
  volume = {IV},
  number = {1},
  pages = {45-99},
}

@article{Sch69,
  shorthand = {Sch69},
  author = {Schoenberg, I.J.},
  title = {Cardinal interpolation and spline functions},
  year = {1969},
  journal = {J. Approx. Theory},
  volume = {2},
  pages = {167-206},
}

@article{Sch72a,
  shorthand = {Sch72a},
  author = {Schoenberg, I.J.},
  title = {Cardinal interpolation and spline functions II: interpolation of data of power growth},
  year = {1972},
  journal = {J. Approx. Theory},
  volume = {6},
  pages = {404-420},
}

@article{LS73,
  shorthand = {LS73},
  author = {Lipow, P.R. and Schoenberg, I.J.},
  title = {Cardinal Interpolation and Spline Functions. III\@. Cardinal Hermite Interpolation},
  year = {1973},
  journal = {Linear Algebra and its Applications},
  volume = {6},
  pages = {273-304},
}

@article{Sch72b,
  shorthand = {Sch72b},
  author = {Schoenberg, I.J.},
  title = {Cardinal interpolation and spline functions IV: the exponential Euler splines},
  year = {1972},
  journal = {International series of numerical mathematics},
  volume = {20},
  pages = {382-404},
}

@article{SS73,
  shorthand = {SS73},
  author = {Schoenberg, I.J. and Sharma, A.},
  title = {Cardinal Interpolation and Spline Functions. V\@. The B-splines for cardinal Hermite interpolation},
  year = {1973},
  journal = {Linear Algebra and its Applications},
  volume = {7},
  number = {1},
  pages = {1-42},
}

@article{Sch73,
  shorthand = {Sch73},
  author = {Schoenberg, I.J.},
  title = {Cardinal Spline Interpolation},
  year = {1973},
  journal = {CBMS-NSF Regional conference series in applied mathematics},
}

@article{Her78,
  shorthand = {Her78},
  author = {Hermite, C.},
  title = {Sur la formule d'interpolation de Lagrange},
  year = {1878},
  journal = {Journal für die Reine und Angewandte Mathematik},
  volume = {84},
  number = {1},
  pages = {70-79}
}

@article{Lee73,
  shorthand = {Lee73},
  author = {Lee, S. L.},
  title = {B-splines for cardinal Hermite interpolation},
  year = {1975},
  journal = {Linear Algebra and its Applications},
  volume = {12},
  pages = {269-280}
}

@article{Lee76a,
  shorthand = {Lee76a},
  author = {Lee, S. L.},
  title = {Exponential Hermite-Euler splines},
  year = {1976},
  journal = {J. Approx. Theory.},
  volume = {18},
  pages = {205-212}
}

@article{Lee76b,
  shorthand = {Lee76b},
  author = {Lee, S. L.},
  title = {Fourier transforms of B-splines and fundamental splines for cardinal Hermite interpolation},
  year = {1976},
  journal = {Proceedings of the American mathematical society},
  volume = {57},
  pages = {291-296}
}

@article{LeeSh76,
  shorthand = {LeeSh76},
  author = {Lee, S. L. and Sharma, A.},
  title = {Cardinal Lacunary interpolation by g-splines. I. The characteristic polynomial},
  year = {1976},
  journal = {J. Approx. Theory},
  volume = {16},
  pages = {85-96}
}

@article{FAUU19,
  shorthand = {FAUU73},
  author = {Fageot, Julien and Aziznejad, Shayan and Unser, Michael and Uhlmann, Virginie},
  title = {Support and approximation properties of Hermite splines},
  year = {2019},
  journal = {arXiv:1902.02565 [math.NA]}
}

