%% LaTeX2e file `xmpl.bib'
%% generated by the `filecontents' environment
%% from source `bsplines' on 2019/07/29.
%%
@book{Bo01,
  shorthand = {Bo01},
  author = {Carl de Boor},
  title = {A practical guide to splines},
  year = {2001},
  publisher = {Springer},
  edition = {Revised edition}
}

@article{CS66,
  shorthand = {CS66},
  author = {Curry, H.B and Schoenberg, I.J},
  title = {On PÃ³lya frequency functions IV: the fundamental spline functions and their limits},
  year = {1966},
  journal = {J. Analyse Math.},
  volume = {17},
  pages = {71-107},
}
